@book{bopp1997kerne,
  author    = {F. W. Bopp},
  title     = {Kerne, Hadronen und Elementarteilchen},
  year      = {1997},
  publisher = {Vieweg+Teubner Verlag},
  address   = {Wiesbaden},
  isbn      = {978-3-528-07221-1}
}
@misc{uwer_physikV,
  author       = {Uwer, Peter},
  title        = {Physik V Vorlesungsskript: Kapitel IIc},
  year         = {n.d.},
  howpublished = {\url{https://physi.uni-heidelberg.de/~uwer/lectures/PhysikV/Vorlesung/Kapitel-IIc.pdf}},
  note         = {Zugriff am 25. Januar 2025}
}
@misc{leifi_streuexperiment,
  author       = {LEIFIphysik},
  title        = {Streuexperiment - Grundwissen},
  year         = {n.d.},
  howpublished = {\url{https://www.leifiphysik.de/kern-teilchenphysik/kernphysik-grundlagen/grundwissen/streuexperiment}},
  note         = {Zugriff am 25. Januar 2025}
}
@misc{Teilchenphysik_2015,
  author = {Gruppe Schleper},
  title  = {Teilchenphysik, Kapitel 4a},
  year   = {2015},
  url    = {https://www.physik.uni-hamburg.de/en/iexp/gruppe-schleper/lehre/advanced-particle-physic-ws1516/documents/teilchenphysik-ws-15-16-kapitel-4a-2.pdf},
  note   = {Abgerufen am 26. Januar 2025}
}
@misc{Quarks_Elementarteilchen,
  author = {Quarks.de},
  title  = {Was du über Elementarteilchen wissen musst},
  year   = {2025},
  url    = {https://www.quarks.de/weltall/was-du-ueber-elementarteilchen-wissen-musst/},
  note   = {Abgerufen am 26. Januar 2025}
}

@misc{philipsen_qft1,
  author = {Owe Philipsen},
  title  = {Quantum Field Theory 1 - Lecture Notes},
  year   = {n.d.},
  url    = {https://itp.uni-frankfurt.de/~philipsen/skript/QFT1.pdf},
  note   = {Abgerufen: 2025-01-27}
}

@misc{schleper_teilchen,
  author = {Peter Schleper},
  title  = {Teilchenphysik für Fortgeschrittene - Vorlesungsskript},
  year   = {2013},
  url    = {https://www.desy.de/~schleper/lehre/TeilchenFortgeschrittene/WS_2012_13/TeilchenFortgeschrittene.pdf},
  note   = {Abgerufen: 2025-01-27}
}

@phdthesis{maheria_2022,
  author = {Vitalii Maheria},
  title  = {Semi- and Fully-Inclusive Phase-Space Integrals at Four Loops},
  year   = {2022},
  school = {Universität Hamburg},
  url    = {https://ediss.sub.uni-hamburg.de/bitstream/ediss/9787/1/thesis-magerya-2022-blacklinks.pdf},
  note   = {Abgerufen: 2025-01-27}
}